<?xml version="1.0" encoding="UTF-8"?><collection xmlns="http://www.loc.gov/MARC21/slim"><record><leader>00411nam--2200133-i-4500</leader><controlfield tag="001">000008460</controlfield><controlfield tag="002">20161230</controlfield><controlfield tag="005">20161230201027</controlfield><controlfield tag="008">060222s1000------------r-----000-0-eng-d</controlfield><datafield ind1=" " ind2=" " tag="100"><subfield code="a">Collins, P.D.B.And Squires, E.J</subfield></datafield><datafield ind1=" " ind2=" " tag="245"><subfield code="a">Regge poles in particle physics</subfield></datafield><datafield ind1=" " ind2=" " tag="260"><subfield code="a">Berlin, Springer-verlag, 1968</subfield></datafield><datafield ind1=" " ind2=" " tag="490"><subfield code="a">Springer Tracts In Modern Physics. Ergebnisse Der Exakten Naturwissenschaften</subfield></datafield><datafield ind1=" " ind2=" " tag="852"><subfield code="a">539.12.01</subfield></datafield></record></collection>